@book{eventb,
    author    = "Jean-Raymond Abrial",
    title     = "Modeling in Event-B: System and Software Engineering",
    year      = 2010,
    publisher = "Cambridge University Press",
    address   = "New York"
}